@book{keri1991realcomplexity,
    author= {Ker-I Ko},
    year = {1991},
    title = {Complexity Theory of Real Functions},
    publisher = {Birkh√§user}
}

