@book{lee2000manifolds,
    author= {John M.},
    year = {2000},
    title = {Introduction to Topological Manifolds},
    publisher = {Springer}
}

@book{li2008kolmogorov,
    author = {Ming Li and Paul Vit{\'a}nyi},
    year = {2019},
    title = {An Introduction to Kolmgorov complexity and its Applications},
    publisher = {Springer},
    edition = {Fourth},
}

@book{brattka2018computability,
    author = {Vasco Brattka},
    year = {2018},
    title = {Computability and Analysis},
    edition = {Version 2.1}}