%% This BibTeX bibliography file was created using BibDesk.
%% https://bibdesk.sourceforge.io/

%% Created for Valentin Abadie at 2024-07-02 16:44:50 +0200 


%% Saved with string encoding Unicode (UTF-8) 



@article{maass1995computationalspiking,
	author = {Wolfgang Maass},
	date-added = {2024-07-02 16:43:19 +0200},
	date-modified = {2024-07-02 16:44:50 +0200},
	journal = {Theoretical Computer Science},
	title = {Lower Bounds for the Computational Power of Networks of Spiking Neurons},
	year = {1995}}

@book{lee2000manifolds,
	author = {John M. Lee},
	publisher = {Springer},
	title = {Introduction to Topological Manifolds},
	year = {2000}}

@book{li2008kolmogorov,
	author = {Ming Li and Paul Vit{\'a}nyi},
	edition = {Fourth},
	publisher = {Springer},
	title = {An Introduction to Kolmgorov complexity and its Applications},
	year = {2019}}
