@book{salamon2020measure,
    author= {Dietmar A. Salamon},
    year = {2020},
    title = {Measure and Integration}
}

